@article{sanchez2016procesado,
  title={Procesado de im{\'a}genes hiperespectrales},
  author={S{\'a}nchez Bernab{\'e}, Esther},
  year={2016},
  publisher={ETSIS\_Telecomunicacion}
}


@article{Vranic2024IdentificacinDB,
  title={Identificaci{\'o}n de Bandas Espectrales claves en Im{\'a}genes Hiperespectrales para la Detecci{\'o}n de Aflatoxinas en Man{\'i}.},
  author={Maria Laura Vranic and Claudio Delrieux and Juan Vorobioff},
  journal={AJEA},
  year={2024},
  url={https://api.semanticscholar.org/CorpusID:273211329}
}



@article{article,
author = {Roman-Gonzalez, Avid and Vargas-Cuentas, Natalia Indira},
year = {2013},
month = {09},
pages = {14-17},
title = {Análisis de Imágenes Hiperespectrales},
journal = {Revista Ingeniería & Desarrollo}
}


@inproceedings{Prez2018ComputacinDA,
  title={Computaci{\'o}n de altas prestaciones aplicadas a la detecci{\'o}n de anomal{\'i}as en imagenes hiperespectrales. High performance computing applied to anomaly detection on hyperspecral images},
  author={Jos{\'e} Manuel P{\'e}rez},
  year={2018},
  url={https://api.semanticscholar.org/CorpusID:202135145}
}

@inproceedings{Andrade2014PropuestaDU,
  title={Propuesta de un m{\'e}todo basado en visi{\'o}n por computadora como herramienta de apoyo en el diagn{\'o}stico endosc{\'o}pico},
  author={Serpa Andrade and Lu{\'i}s Javier},
  year={2014},
  url={https://api.semanticscholar.org/CorpusID:170493854}
}


@article{Luo_2019,
doi = {10.1088/1742-6596/1237/3/032020},
url = {https://dx.doi.org/10.1088/1742-6596/1237/3/032020},
year = {2019},
month = {jun},
publisher = {IOP Publishing},
volume = {1237},
number = {3},
pages = {032020},
author = {Luo, Chuan and Yang, Wei and Huang, Panling and Zhou, Jun},
title = {Overview of Image Matching Based on ORB Algorithm}
}

@article{SAUVOLA2000225,
title = {Adaptive document image binarization},
journal = {Pattern Recognition},
volume = {33},
number = {2},
pages = {225-236},
year = {2000},
issn = {0031-3203},
doi = {https://doi.org/10.1016/S0031-3203(99)00055-2},
url = {https://www.sciencedirect.com/science/article/pii/S0031320399000552},
author = {J. Sauvola and M. Pietikäinen},
keywords = {Adaptive binarization, Soft decision, Document segmentation, Document analysis, Document understanding},
abstract = {A new method is presented for adaptive document image binarization, where the page is considered as a collection of subcomponents such as text, background and picture. The problems caused by noise, illumination and many source type-related degradations are addressed. Two new algorithms are applied to determine a local threshold for each pixel. The performance evaluation of the algorithm utilizes test images with ground-truth, evaluation metrics for binarization of textual and synthetic images, and a weight-based ranking procedure for the final result presentation. The proposed algorithms were tested with images including different types of document components and degradations. The results were compared with a number of known techniques in the literature. The benchmarking results show that the method adapts and performs well in each case qualitatively and quantitatively.}
}
 
@article{romangonzalez:hal-00935014,
  TITLE = {{An{\'a}lisis de im{\'a}genes hiperespectrales}},
  AUTHOR = {Roman-Gonzalez, Avid and Vargas-Cuentas, Natalia Indira},
  URL = {https://hal.science/hal-00935014},
  JOURNAL = {{Revista Ingenieria \& Desarrollo}},
  VOLUME = {A{\~n}o 9},
  NUMBER = {N{\textdegree} 35},
  PAGES = {14-17},
  YEAR = {2013},
  MONTH = Sep,
  KEYWORDS = {remote sensing ; satellite images ; artifacts detection ; image quality},
  PDF = {https://hal.science/hal-00935014v1/file/Hyperspectral_Images_Analysis.pdf},
  HAL_ID = {hal-00935014}
}

@Article{rs11111373,
AUTHOR = {Abdulridha, Jaafar and Batuman, Ozgur and Ampatzidis, Yiannis},
TITLE = {UAV-Based Remote Sensing Technique to Detect Citrus Canker Disease Utilizing Hyperspectral Imaging and Machine Learning},
JOURNAL = {Remote Sensing},
VOLUME = {11},
YEAR = {2019},
NUMBER = {11},
ARTICLE-NUMBER = {1373},
URL = {https://www.mdpi.com/2072-4292/11/11/1373},
ISSN = {2072-4292},
DOI = {10.3390/rs11111373}
}

@misc{GitHub2025,
  author   = {{GitHub, Inc.}},
  title    = {GitHub: Where the world builds software},
  year     = {2025},
  url      = {https://github.com/},
  urldate  = {2025-06-14}
}


@misc{VSCode2025,
  author   = {{Microsoft}},
  title    = {Visual Studio Code},
  year     = {2025},
  url      = {https://code.visualstudio.com/},
  urldate  = {2025-06-14}
}


@online{Overleaf2025,
  author   = {{Overleaf}},
  title    = {Overleaf, Editor de LaTeX online},
  year     = {2025},
  url      = {https://es.overleaf.com/},
  urldate  = {2025-06-14}
}

@misc{ChatGPT2025,
  author       = {{OpenAI}},
  title        = {ChatGPT},
  year         = {2025},
  url          = {https://openai.com/es-ES/index/chatgpt/},
  note         = {Se recomienda especificar la versión del modelo (p. ej., GPT-4) y la fecha de la conversación si se cita una respuesta específica.},
  urldate      = {2025-06-14}
}

@misc{Gemini2025,
  author       = {{Google}},
  title        = {Gemini},
  year         = {2025},
  url          = {https://gemini.google.com/},
  note         = {Se recomienda especificar la versión del modelo y la fecha de la conversación si se cita una respuesta específica.},
  urldate      = {2025-06-14}
}


@misc{PerplexityAI2025,
  author       = {{Perplexity AI, Inc.}},
  title        = {Perplexity},
  year         = {2025},
  url          = {https://www.perplexity.ai/},
  urldate      = {2025-06-14}
}

@online{SemanticScholar,
  author       = {{Allen Institute for AI}},
  title        = {Semantic Scholar},
  year         = {2024},
  url          = {https://www.semanticscholar.org/},
  urldate      = {2025-06-14}
}


@online{arXiv,
  author       = {{Cornell University}},
  title        = {arXiv.org e-Print archive},
  year         = {2024},
  url          = {https://arxiv.org/},
  urldate      = {2025-06-14}
}



@manual{PythonDocs311,
  author       = {{Python Software Foundation}},
  title        = {The Python Language Reference, Version 3.11},
  year         = {2023},
  url          = {https://docs.python.org/3.11/},
  urldate      = {2025-06-14}
}



@misc{alvarez2017manual,
  title={Manual de CSS 3},
  author={{\'A}lvarez, Miguel Angel and Alvarez, Sara and Nadie, Jhon and Rousset, David and Vega, Jorge Vargas and Tresancos, Jaime Pe{\~n}a and Lurita, Juan R Castro},
  year={2017},
  publisher={Recuperado el}
}


@manual{DockerDocs2025,
  author   = {{Docker, Inc.}},
  title    = {Docker Documentation},
  year     = {2025},
  url      = {https://docs.docker.com/},
  urldate  = {2025-06-14}
}


@article{Harris2020NumPy,
  author  = {Charles R. Harris and K. Jarrod Millman and St{\'{e}}fan J. van der Walt and others},
  title   = {Array programming with {NumPy}},
  journal = {Nature},
  year    = {2020},
  volume  = {585},
  pages   = {357--362},
  doi     = {10.1038/s41586-020-2649-2}
}


@article{Bradski2000OpenCV,
  author  = {Gary Bradski},
  title   = {The {OpenCV} Library},
  journal = {Dr. Dobb's Journal of Software Tools},
  year    = {2000},
  volume  = {25},
  pages   = {120-125}
}


@inproceedings{McKinney2010Pandas,
  author    = {Wes McKinney},
  title     = {Data Structures for Statistical Computing in Python},
  booktitle = {Proceedings of the 9th Python in Science Conference},
  year      = {2010},
  pages     = {56--61},
  editor    = {St{\'{e}}fan van der Walt and Jarrod Millman}
}


@misc{Pillow,
  author       = {Alex Clark and Contributors},
  title        = {Pillow (The friendly PIL fork)},
  year         = {2010},
  url          = {https://python-pillow.org/},
  note         = {Versión 10.4.0}
}


@article{vanderWalt2014ScikitImage,
  author  = {St{\'{e}}fan J. van der Walt and Johannes L. Sch{\"{o}}nberger and others},
  title   = {scikit-image: image processing in {Python}},
  journal = {PeerJ},
  year    = {2014},
  volume  = {2},
  pages   = {e453},
  doi     = {10.7717/peerj.453}
}


@misc{SpectralPython,
  author       = {Thomas V. O'Connor},
  title        = {Spectral Python (SPy)},
  year         = {2024},
  url          = {https://www.spectralpython.net/},
  note         = {Versión 0.23.1}
}


@misc{Streamlit,
  author       = {{Streamlit Team}},
  title        = {Streamlit: The fastest way to build and share data apps},
  year         = {2024},
  url          = {https://streamlit.io},
  urldate      = {2025-06-14}
}



@phdthesis{Alonso2024Tesis,
  author  = {Jesús Ángel Alonso Vicente},
  title   = {Técnicas de visión artificial para la caracterización de viñedos a partir de imágenes aéreas y terrestres},
  school  = {Universidad de Burgos},
  year    = {2024},
  url     = {https://riubu.ubu.es/handle/10259/8759},
  note    = {Director: César M. Méndez Izquierdo}
}


@software{Jocher_YOLOv5_by_Ultralytics_2020,
author = {Jocher, Glenn},
doi = {10.5281/zenodo.3908559},
license = {AGPL-3.0},
month = may,
title = {{YOLOv5 by Ultralytics}},
url = {https://github.com/ultralytics/yolov5},
version = {7.0},
year = {2020}
}


@online{Resonon2025,
  organization = {Resonon},
  title        = {Resonon - Hyperspectral Imaging Systems},
  year         = {2025},
  url          = {https://resonon.com/},
  urldate      = {2025-06-15}
}


@article{Tosin2021,
  author  = {R. Tosin and others},
  title   = {Assessing predawn leaf water potential based on hyperspectral data and pigment's concentration of Vitis vinifera L. in the Douro Wine Region},
  journal = {Scientia Horticulturae},
  year    = {2021},
  volume  = {278},
  month   = {feb},
  doi     = {10.1016/j.scienta.2020.109860}
}

@article{DiGennaro2022,
  author  = {S. F. Di Gennaro and P. Toscano and M. Gatti and S. Poni and A. Berton and A. Matese},
  title   = {Spectral Comparison of UAV-Based Hyper and Multispectral Cameras for Precision Viticulture},
  journal = {Remote Sensing},
  year    = {2022},
  volume  = {14},
  number  = {3},
  month   = {feb},
  doi     = {10.3390/rs14030449}
}

@article{camacho2020aproximacion,
  title={Aproximaci{\'o}n inicial a la comparaci{\'o}n de c{\'a}maras hiperespectrales para su aplicaci{\'o}n en agricultura},
  author={Camacho, Rodolfo Jos{\'e} Piedra},
  journal={Tecnolog{\'\i}a en marcha},
  volume={33},
  number={Mov. 7},
  pages={82--91},
  year={2020},
  publisher={Instituto Tecnol{\'o}gico de Costa Rica}
}

@INPROCEEDINGS{6126544,
  author={Rublee, Ethan and Rabaud, Vincent and Konolige, Kurt and Bradski, Gary},
  booktitle={2011 International Conference on Computer Vision}, 
  title={ORB: An efficient alternative to SIFT or SURF}, 
  year={2011},
  volume={},
  number={},
  pages={2564-2571},
  keywords={Boats},
  doi={10.1109/ICCV.2011.6126544}}

@misc{karami2017imagematchingusingsift,
      title={Image Matching Using SIFT, SURF, BRIEF and ORB: Performance Comparison for Distorted Images}, 
      author={Ebrahim Karami and Siva Prasad and Mohamed Shehata},
      year={2017},
      eprint={1710.02726},
      archivePrefix={arXiv},
      primaryClass={cs.CV},
      url={https://arxiv.org/abs/1710.02726}, 
}

@incollection{OpenCV2025Canny,
  author       = {{OpenCV team}},
  title        = {Canny Edge Detection},
  booktitle    = {OpenCV-Python Tutorials},
  year         = {2025},
  organization = {OpenCV},
  note         = {Documentación para la versión 4.x},
  url          = {https://docs.opencv.org/4.x/da/d22/tutorial_py_canny.html},
  urldate      = {2025-06-23}
}


@Article{rs14184465,
AUTHOR = {Chen, Qinhan and Yao, Lijian and Xu, Lijun and Yang, Yankun and Xu, Taotao and Yang, Yuncong and Liu, Yu},
TITLE = {Horticultural Image Feature Matching Algorithm Based on Improved ORB and LK Optical Flow},
JOURNAL = {Remote Sensing},
VOLUME = {14},
YEAR = {2022},
NUMBER = {18},
ARTICLE-NUMBER = {4465},
URL = {https://www.mdpi.com/2072-4292/14/18/4465},
ISSN = {2072-4292},
DOI = {10.3390/rs14184465}
}

@article{VINAYA2015174,
title = {Feature Extractionusing ORB-RANSAC for Face Recognition},
journal = {Procedia Computer Science},
volume = {70},
pages = {174-184},
year = {2015},
note = {Proceedings of the 4th International Conference on Eco-friendly Computing and Communication Systems},
issn = {1877-0509},
doi = {https://doi.org/10.1016/j.procs.2015.10.068},
url = {https://www.sciencedirect.com/science/article/pii/S1877050915032329},
author = { {Vinay A.} and Avani S. Rao and Vinay S. Shekhar and Akshay Kumar C. and K N Balasubramanya Murthy and S. Natarajan},
keywords = {Face Recognition, GPU, ORB, RANSAC. SIFT}
}


@article{Paoletti_Haut_Plaza_Plaza_2019, title={Estudio Comparativo de Técnicas de Clasificación de Imágenes Hiperespectrales}, 
volume={16}, 
url={https://polipapers.upv.es/index.php/RIAI/article/view/11078}, 
DOI={10.4995/riai.2019.11078}, 
abstractNote={Las imágenes hiperespectrales constituyen el núcleo de varios programas de observación remota de la Tierra. La cantidad de información que contienen estas imágenes, formadas por cientos de canales espectrales estrechos y casi continuos, resulta de gran utilidad en aplicaciones en las que la caracterización de los materiales observados en la superficie terrestre resulta de gran relevancia. Esto se debe a la posibilidad de caracterizar de forma inequívoca cada material a través de su firma espectral. Algunas de estas aplicaciones son la agricultura de precisión, la planificación de espacios urbanos, o la prevención y seguimiento de desastres naturales. Sin embargo, la gran dimensión de las imágenes hiperespectrales supone un reto en su tratamiento, almacenamiento y procesamiento, debido a la gran variabilidad espectral y la correlación existente en los datos. En la literatura se han desarrollado múltiples algoritmos de análisis de imágenes hiperespectrales. En este artículo revisamos los algoritmos más utilizados para la clasificación de este tipo de imágenes, realizando experimentos con tres imágenes públicas y presentando una comparativa entre los métodos más ampliamente utilizados en este campo.}, number={2}, 
journal={Revista Iberoamericana de Automática e Informática industrial}, 
author={Paoletti, Mercedes Eugenia and Haut, Juan Mario and Plaza, Javier and Plaza, Antonio}, 
year={2019}, 
month={mar.}, 
pages={129–137} }


@article{SANCHEZ2025101049,
title = {Detecting copper-based fungicides in vineyards by means of hyperspectral imagery},
journal = {Smart Agricultural Technology},
volume = {12},
pages = {101049},
year = {2025},
issn = {2772-3755},
doi = {https://doi.org/10.1016/j.atech.2025.101049},
url = {https://www.sciencedirect.com/science/article/pii/S2772375525002825},
author = {Ramón Sánchez and Carlos Rad and Carlos Cambra and Rocío Barros and Álvaro Herrero},
keywords = {Vineyard, Hyperspectral, Fungicide, Copper, Vine, Agriculture},
abstract = {Fungal diseases affecting vineyards are commonly controlled using copper-based fungicides. Inaccurate application of these products usually leads to accumulations of copper in the soil. The use of spectral images in vineyards is a tool that can help in the correct application of fungicides to improve their efficiency and effectiveness. To do that, a solution is required to identify the copper deposited on the vine leaf. To bridge this gap, the present work compares images obtained with a hyperspectral camera (Pika L, Resonon) of vineyard leaves (Vitis vinifera L.) cv. Tempranillo treated with two copper-based products, Cuprantol duo (Syngenta, CH) and Cuprocol (Syngenta, CH). Treated leaves with both products and the corresponding blanks made with distilled water were compared. Most of the differences between treatments and products are found in the near-infrared region (700–740 nm), the green region (550 nm) and the region of (620–640 nm). Maximal spectral variations appeared in the range of 711.16–758.27 nm for wet status products, which allowed to differentiate between the areas treated with copper-based products from the blanks without product. We can conclude that using hyperspectral imagery is possible to detect leave areas treated with copper-based fungicides immediately (wet treatment) after application.}
}